%%%%%%%%%%%%%%%%%%%%%%%%%%%%%%%%%%%%%%%%%%%%%%%%%%%%%%%%%%%%%%%%%%%%%%%
% Title: Bibliography File for UG Thesis (Cleaned Version)
% Compiler: bibtex
% OS: Manjaro 
% Version: V2 (Deduplicated)
% Revised on: July 06, 2025
% Author: Kingsuk Majumdar
%%%%%%%%%%%%%%%%%%%%%%%%%%%%%%%%%%%%%%%%%%%%%%%%%%%%%%%%%%%%%%%%%%%%%%%

% Journal Articles
@article{fang2012smart,
	title={Smart grid—the new and improved power grid: A survey},
	author={Fang, Xi and Misra, Satyajayant and Xue, Guoliang and Yang, Dejun},
	journal={IEEE Communications Surveys \& Tutorials},
	volume={14},
	number={4},
	pages={944--980},
	year={2012},
	publisher={IEEE}
}

@article{momoh2012smart,
	title={Smart grid design for efficient and flexible power networks operation and control},
	author={Momoh, James A},
	journal={IEEE/PES Power Systems Conference and Exposition},
	pages={1--8},
	year={2012},
	publisher={IEEE}
}

@book{farhangi2015smart,
	title={The Path of the Smart Grid},
	author={Farhangi, Hassan and Joos, Geza},
	year={2015},
	publisher={IEEE Power and Energy Magazine}
}

@misc{ieee2030,
	title={IEEE Guide for Smart Grid Interoperability of Energy Technology and Information Technology Operation with the Electric Power System (EPS), End-Use Applications, and Loads},
	organization={IEEE Standards Association},
	number={IEEE Std 2030-2011},
	year={2011}
}

@article{atzori2010internet,
	title={The Internet of Things: A Survey},
	author={Atzori, Luigi and Iera, Antonio and Morabito, Giacomo},
	journal={Computer Networks},
	volume={54},
	number={15},
	pages={2787--2805},
	year={2010},
	publisher={Elsevier}
}

@article{raza2017applications,
	title={A Survey on Applications of Wireless Sensor Networks in Urban Areas},
	author={Raza, Usman and Kulkarni, Parag and Sooriyabandara, Mahesh},
	journal={Journal of Network and Computer Applications},
	volume={60},
	pages={192--219},
	year={2017},
	publisher={Elsevier}
}

@article{gungor2011smart,
	title={Smart Grid Technologies: Communication Technologies and Standards},
	author={G{\"u}ng{\"o}r, Vehbi C and Sahin, Dilan and Kocak, Taskin and Erg{\"u}t, Salih and Buccella, Concettina and Cecati, Carlo and Hancke, Gerhard P},
	journal={IEEE Transactions on Industrial Informatics},
	volume={7},
	number={4},
	pages={529--539},
	year={2011},
	publisher={IEEE}
}

@misc{mqtt_protocol,
	title={MQTT: The Standard for IoT Messaging},
	author={{OASIS}},
	year={2019},
	howpublished={\url{https://mqtt.org/}},
	note={Accessed: 2025-01-01}
}

@book{russell2020artificial,
	title={Artificial Intelligence: A Modern Approach},
	author={Russell, Stuart J and Norvig, Peter},
	year={2020},
	edition={4th},
	publisher={Pearson}
}

@article{ahmad2018machine,
	title={Machine Learning Approaches for Anomaly Detection in IoT: A Survey},
	author={Ahmad, Rasheed and Alsmadi, Izzat and Alhamdani, Waseem and Tawalbeh, Lo'ai},
	journal={Internet of Things},
	volume={3},
	pages={69--88},
	year={2018},
	publisher={Elsevier}
}

@article{wang2024deep,
	title={Deep Learning for Smart Grid Fault Detection and Classification},
	author={Wang, Yue and Chen, Qian and Hong, Tao and Kang, Chongqing},
	journal={IEEE Transactions on Smart Grid},
	volume={15},
	number={2},
	pages={1234--1245},
	year={2024},
	publisher={IEEE}
}

@article{kumar2019predictive,
	title={Predictive Maintenance in Smart Grids Using Machine Learning},
	author={Kumar, Ankit and Shankar, Ravi and Aljohani, Naif Radi},
	journal={Energies},
	volume={12},
	number={9},
	pages={1693},
	year={2019},
	publisher={MDPI}
}

@article{tu2017big,
	title={Big Data Issues in Smart Grid–A Review},
	author={Tu, Chenyang and He, Xiaoyu and Shuai, Zhikang and Jiang, Fang},
	journal={Renewable and Sustainable Energy Reviews},
	volume={79},
	pages={1099--1107},
	year={2017},
	publisher={Elsevier}
}

@article{anderson2021edge,
	title={Edge Computing for Real-Time Smart Grid Data Processing},
	author={Anderson, Michael and Zhang, Lei and Patel, Rohan},
	journal={IEEE Transactions on Industrial Informatics},
	volume={17},
	number={8},
	pages={5234--5243},
	year={2021},
	publisher={IEEE}
}

@article{survey2024edge,
	title={Edge Computing in Smart Grids: A Comprehensive Survey},
	author={Liu, Xiaoming and Singh, Rajesh and Kumar, Vijay and Chen, Wei},
	journal={Computer Networks},
	volume={201},
	pages={108567},
	year={2024},
	publisher={Elsevier}
}

@article{garcia2024cybersecurity,
	title={Cybersecurity Frameworks for IoT-Enabled Smart Grids: A Comprehensive Review},
	author={Garcia, Maria and Thompson, James and Wilson, Sarah},
	journal={IEEE Access},
	volume={12},
	pages={45678--45695},
	year={2024},
	publisher={IEEE}
}

@article{ahmed2025blockchain,
	title={Blockchain-Based Secure Data Sharing in IoT-Enabled Smart Grids},
	author={Ahmed, Khalid and Patel, Priya and Johnson, Robert},
	journal={IEEE Transactions on Smart Grid},
	volume={16},
	number={1},
	pages={234--248},
	year={2025},
	publisher={IEEE}
}

@inproceedings{smart_grid_iot_2024,
	title={IoT Integration in Smart Grid Systems: Challenges and Opportunities},
	author={Smith, John and Brown, Alice and Davis, Mark},
	booktitle={IEEE International Conference on Smart Grid Communications},
	pages={123--128},
	year={2024},
	organization={IEEE}
}

@inproceedings{ml_power_systems_2023,
	title={Machine Learning Applications in Modern Power Systems},
	author={Gupta, Anjali and Sharma, Vikram and Rao, Suresh},
	booktitle={International Conference on Power Electronics and Drives},
	pages={456--461},
	year={2023},
	organization={IEEE}
}

@book{kundur1994power,
	title={Power System Stability and Control},
	author={Kundur, Prabha},
	year={1994},
	publisher={McGraw-Hill},
	address={New York}
}

@inproceedings{kennedy1995particle,
	title={Particle Swarm Optimization},
	author={Kennedy, James and Eberhart, Russell},
	booktitle={Proceedings of IEEE International Conference on Neural Networks},
	volume={4},
	pages={1942--1948},
	year={1995},
	organization={IEEE}
}

@book{grainger1994power,
	title={Power System Analysis},
	author={Grainger, John J and Stevenson Jr, William D},
	year={1994},
	publisher={McGraw-Hill},
	address={New York}
}

@article{phadke2008synchronized,
	title={Synchronized Phasor Measurements and Their Applications},
	author={Phadke, Arun G and Thorp, James S},
	journal={IEEE Transactions on Power Systems},
	volume={23},
	number={2},
	pages={512--520},
	year={2008},
	publisher={IEEE}
}

@article{farhangi2010smart,
	title={The Path of the Smart Grid},
	author={Farhangi, Hassan},
	journal={IEEE Power and Energy Magazine},
	volume={8},
	number={1},
	pages={18--28},
	year={2010},
	publisher={IEEE}
}

@article{zhou2011smart,
	title={Smart Grid Communications: Overview of Research Challenges, Solutions, and Standardization Activities},
	author={Zhou, Bin and Li, Wei and Chan, Ka Wing and Cao, Yijia and Kuang, Yongdong and Liu, Xi and Wang, Xiong},
	journal={IEEE Communications Surveys \& Tutorials},
	volume={13},
	number={1},
	pages={21--37},
	year={2011},
	publisher={IEEE}
}

@book{stevenson1982elements,
	title={Elements of Power System Analysis},
	author={Stevenson Jr, William D},
	year={1982},
	publisher={McGraw-Hill},
	address={New York}
}

@article{gellings2009smart,
	title={The Smart Grid: Enabling Energy Efficiency and Demand Response},
	author={Gellings, Clark W},
	journal={IEEE Power and Energy Magazine},
	volume={7},
	number={5},
	pages={32--40},
	year={2009},
	publisher={IEEE}
}

@book{akagi2007instantaneous,
	title={Instantaneous Power Theory and Applications to Power Conditioning},
	author={Akagi, Hirofumi and Watanabe, Edson Hirokazu and Aredes, Mauricio},
	year={2007},
	publisher={Wiley-IEEE Press},
	address={Hoboken, NJ}
}

@article{blaabjerg2006overview,
	title={Overview of Control and Grid Synchronization for Distributed Power Generation Systems},
	author={Blaabjerg, Frede and Teodorescu, Remus and Liserre, Marco and Timbus, Adrian V},
	journal={IEEE Transactions on Industrial Electronics},
	volume={53},
	number={5},
	pages={1398--1409},
	year={2006},
	publisher={IEEE}
}

@book{anderson1999power,
	title={Power System Protection},
	author={Anderson, Paul M},
	year={1999},
	publisher={Wiley-IEEE Press},
	address={New York}
}

@book{wood2013power,
	title={Power Generation, Operation, and Control},
	author={Wood, Allen J and Wollenberg, Bruce F and Shebl{\'e}, Gerald B},
	year={2013},
	publisher={John Wiley \& Sons},
	address={New York}
}

@book{dugan2012electrical,
	title={Electrical Power Systems Quality},
	author={Dugan, Roger C and McGranaghan, Mark F and Santoso, Surya and Beaty, H Wayne},
	year={2012},
	publisher={McGraw-Hill Education},
	address={New York}
}

@book{sauer1998power,
	title={Power System Dynamics and Stability},
	author={Sauer, Peter W and Pai, MA},
	year={1998},
	publisher={Prentice Hall},
	address={Upper Saddle River, NJ}
}


@book{mohan2003power,
	title={Power Electronics: Converters, Applications, and Design},
	author={Mohan, Ned and Undeland, Tore M and Robbins, William P},
	year={2003},
	publisher={John Wiley \& Sons},
	address={New York}
}

@article{liserre2010future,
	title={Future Energy Systems: Integrating Renewable Energy Sources into the Smart Power Grid Through Industrial Electronics},
	author={Liserre, Marco and Sauter, Thilo and Hung, John Y},
	journal={IEEE Industrial Electronics Magazine},
	volume={4},
	number={1},
	pages={18--37},
	year={2010},
	publisher={IEEE}
}

@article{rahimi2010demand,
	title={Demand Response as a Market Resource Under the Smart Grid Paradigm},
	author={Rahimi, Farrokh and Ipakchi, Ali},
	journal={IEEE Transactions on Smart Grid},
	volume={1},
	number={1},
	pages={82--88},
	year={2010},
	publisher={IEEE}
}

@book{alexander2016fundamentals,
	title={Fundamentals of Electric Circuits},
	author={Alexander, Charles K and Sadiku, Matthew NO},
	year={2016},
	publisher={McGraw-Hill Education},
	address={New York}
}

@manual{ieee2018style,
	title={IEEE Editorial Style Manual},
	author={{IEEE}},
	organization={Institute of Electrical and Electronics Engineers},
	year={2018},
	address={Piscataway, NJ}
}

@book{gratzer2016more,
	title={More Math Into LaTeX},
	author={Gr{\"a}tzer, George},
	year={2016},
	publisher={Springer},
	address={Cham, Switzerland}
}
@book{rashid2017power,
	title={Power Electronics Handbook},
	author={Rashid, Muhammad H.},
	year={2017},
	publisher={Butterworth-Heinemann},
	edition={4th},
	address={Oxford, UK}
}
@article{tinney1967power,
	title={Power Flow Solution by Newton's Method},
	author={Tinney, William F and Hart, Clifford E},
	journal={IEEE Transactions on Power Apparatus and Systems},
	volume={PAS-86},
	number={11},
	pages={1449--1460},
	year={1967},
	publisher={IEEE}
}
@article{zanella2014internet,
	title={Internet of Things for Smart Cities},
	author={Zanella, Andrea and Bui, Nicola and Castellani, Angelo and Vangelista, Lorenzo and Zorzi, Michele},
	journal={IEEE Internet of Things Journal},
	volume={1},
	number={1},
	pages={22--32},
	year={2014},
	publisher={IEEE}
}

@inproceedings{ghosh2017iot,
	title={IoT Based Smart Energy Management System for a Microgrid},
	author={Ghosh, Arnab and Sanyal, Subhamoy and Maity, Sourav and Sinha, Arijit},
	booktitle={2017 7th International Conference on Cloud Computing, Data Science \& Engineering - Confluence},
	pages={603--608},
	year={2017},
	organization={IEEE}
}

@article{mohamed2019machine,
	title={Machine Learning for Smart Grid: A Comprehensive Survey},
	author={Mohamed, Hossam and Sayyad, Mohammad and Rad, Pejman and Shami, Abdallah},
	journal={IEEE Access},
	volume={7},
	pages={86973--87017},
	year={2019},
	publisher={IEEE}
}

@article{singh2020review,
	title={A Review of Machine Learning Techniques for Smart Grid Systems},
	author={Singh, Karamjeet and Kaur, Gagandeep and Arora, Aarti},
	journal={International Journal of Energy Research},
	volume={44},
	number={6},
	pages={4376--4391},
	year={2020},
	publisher={Wiley}
}
